

@article{megahed2011review,
  title={A review and perspective on control charting with image data},
  author={Megahed, Fadel M and Woodall, William H and Camelio, Jaime A},
  journal={Journal of Quality Technology},
  volume={43},
  number={2},
  pages={83--98},
  year={2011},
  publisher={Taylor \& Francis}
}

@article{bersimis2007multivariate,
  title={Multivariate statistical process control charts: an overview},
  author={Bersimis, Sotiris and Psarakis, Stelios and Panaretos, John},
  journal={Quality and Reliability engineering international},
  volume={23},
  number={5},
  pages={517--543},
  year={2007},
  publisher={Wiley Online Library}
}

@book{montgomery2020introduction,
  title={Introduction to statistical quality control},
  author={Montgomery, Douglas C},
  year={2020},
  publisher={John Wiley \& Sons}
}

@misc{polikar1996wavelet,
  title={The wavelet tutorial},
  author={Polikar, Robi and others},
  year={1996}
}

@article{heckert2002handbook,
  title={Handbook 151: NIST/SEMATECH e-Handbook of Statistical Methods},
  author={Heckert, Nathanael A and Filliben, James J and Croarkin, C M and Hembree, B and Guthrie, William F and Tobias, P and Prinz, J},
  year={2002}
}

@article{lin2007automated,
  title={Automated visual inspection of ripple defects using wavelet characteristic based multivariate statistical approach},
  author={Lin, Hong-Dar},
  journal={Image and Vision Computing},
  volume={25},
  number={11},
  pages={1785--1801},
  year={2007},
  publisher={Elsevier}
}

@inproceedings{croisier1976perfect,
  title={Perfect channel splitting by use of interpolation/decimation/tree decomposition techniques},
  author={A. Crosier, D. Esteban, and C. Galand},
  booktitle={Proc. Int. Symp. on Info., Circuits and Systems,(Patras, Greece)},
  year={1976}
}

@article{vetterli1989perfect,
  title={Perfect reconstruction FIR filter banks: Some properties and factorizations},
  author={Vetterli, Martin and Le Gall, Didier},
  journal={IEEE Transactions on Acoustics, Speech, and Signal Processing},
  volume={37},
  number={7},
  pages={1057--1071},
  year={1989},
  publisher={IEEE}
}

@article{Burt1983TheLP,
  title={The Laplacian Pyramid as a Compact Image Code},
  author={P. Burt and E. Adelson},
  journal={IEEE Trans. Commun.},
  year={1983},
  volume={31},
  pages={532-540}
}

@article{shannon1949communication,
  title={Communication in the presence of noise},
  author={Shannon, Claude Elwood},
  journal={Proceedings of the IRE},
  volume={37},
  number={1},
  pages={10--21},
  year={1949},
  publisher={IEEE}
}

@book{adams1999manufacturing,
  title={Manufacturing the future: a history of western electric},
  author={Adams, Stephen B and Butler, Orville R},
  year={1999},
  publisher={Cambridge University Press}
}

@article{hotteling1947multivariate,
  title={Multivariate quality control, illustrated by the air testing of sample bombsights},
  author={Hotteling, H},
  journal={Techniques of statistical analysis},
  pages={111--184},
  year={1947}
}

@article{haar1910theorie,
  title={Zur theorie der orthogonalen funktionensysteme},
  author={Haar, Alfred},
  journal={Mathematische Annalen},
  volume={69},
  number={3},
  pages={331--371},
  year={1910}
}

@article{jensen2006effects,
  title={Effects of parameter estimation on control chart properties: a literature review},
  author={Jensen, Willis A and Jones-Farmer, L Allison and Champ, Charles W and Woodall, William H},
  journal={Journal of Quality technology},
  volume={38},
  number={4},
  pages={349--364},
  year={2006},
  publisher={Taylor \& Francis}
}

@misc{zuech2000understanding,
  title={Understanding and Applying Machihe Vision},
  author={Zuech, Nello and Zuech, Nello},
  year={2000},
  publisher={New York: Marcel Dekker}
}

@article{horst1992vision,
  title={Vision system for high-resolution dimensional measurements and on-line SPC: web process application},
  author={Horst, RL and Negin, M},
  journal={IEEE transactions on industry applications},
  volume={28},
  number={4},
  pages={993--997},
  year={1992},
  publisher={IEEE}
}

@article{armingol2003statistical,
  title={Statistical pattern modeling in vision-based quality control systems},
  author={Armingol, Jose M and Otamendi, Javier and De La Escalera, Arturo and Pastor, Jose M and Rodriguez, Francisco J},
  journal={Journal of Intelligent and Robotic Systems},
  volume={37},
  number={3},
  pages={321--336},
  year={2003},
  publisher={Springer}
}

@article{nembhard2003integrated,
  title={An integrated model for statistical and vision monitoring in manufacturing transitions},
  author={Nembhard, Harriet Black and Ferrier, Nicola J and Osswald, Tim A and Sanz-Uribe, Juan R},
  journal={Quality and Reliability Engineering International},
  volume={19},
  number={6},
  pages={461--476},
  year={2003},
  publisher={Wiley Online Library}
}

@inproceedings{liang2008vision,
  title={Vision-based automatic tool wear monitoring system},
  author={Liang, Yu-Teng and Chiou, Yih-Chih},
  booktitle={2008 7th World Congress on Intelligent Control and Automation},
  pages={6031--6035},
  year={2008},
  organization={IEEE}
}
@article{liu2006estimation,
  title={Estimation and monitoring of product aesthetics: application to manufacturing of “engineered stone” countertops},
  author={Liu, J Jay and MacGregor, John F},
  journal={Machine Vision and Applications},
  volume={16},
  number={6},
  pages={374--383},
  year={2006},
  publisher={Springer}
}

@article{lin2008principal,
  title={Principal component analysis based on wavelet characteristics applied to automated surface defect inspection},
  author={Lin, Hong-Dar and Chung, Chung-Yu and Lin, Wan-Ting},
  journal={WSEAS Transactions on Computer Research},
  volume={3},
  number={4},
  pages={193--202},
  year={2008},
  publisher={World Scientific and Engineering Academy and Society (WSEAS) Stevens Point~…}
}

@article{lyu2009automated,
  title={Automated visual inspection expert system for multivariate statistical process control chart},
  author={Lyu, JrJung and Chen, MingNan},
  journal={Expert Systems with Applications},
  volume={36},
  number={3},
  pages={5113--5118},
  year={2009},
  publisher={Elsevier}
}

@article{wang2005using,
  title={Using profile monitoring techniques for a data-rich environment with huge sample size},
  author={Wang, Kaibo and Tsung, Fugee},
  journal={Quality and reliability engineering international},
  volume={21},
  number={7},
  pages={677--688},
  year={2005},
  publisher={Wiley Online Library}
}

@article{xie2008review,
  title={A review of recent advances in surface defect detection using texture analysis techniques},
  author={Xie, Xianghua},
  journal={ELCVIA: electronic letters on computer vision and image analysis},
  pages={1--22},
  year={2008}
}

@inproceedings{guo2019real,
  title={A Real-Time Contrasts Method for Monitoring Image Data},
  author={Guo, Xiaoxiao and He, Zhen and Chen, Hui},
  booktitle={2019 IEEE 6th International Conference on Industrial Engineering and Applications (ICIEA)},
  pages={354--361},
  year={2019},
  organization={IEEE}
}

@article{jiang2005liquid,
  title={Liquid crystal display surface uniformity defect inspection using analysis of variance and exponentially weighted moving average techniques},
  author={Jiang*, BC and Wang, C-C and Liu, H-C},
  journal={International Journal of Production Research},
  volume={43},
  number={1},
  pages={67--80},
  year={2005},
  publisher={Taylor \& Francis}
}

@article{koosha2017statistical,
  title={Statistical process monitoring via image data using wavelets},
  author={Koosha, Mehdi and Noorossana, Rassoul and Megahed, Fadel},
  journal={Quality and Reliability Engineering International},
  volume={33},
  number={8},
  pages={2059--2073},
  year={2017},
  publisher={Wiley Online Library}
}

@article{gonzalez2002digital,
  title={Digital image processing second edition},
  author={Gonzalez, Rafael C and Woods, Richard E and others},
  journal={Beijing: Publishing House of Electronics Industry},
  volume={455},
  year={2002}
}