@article{megahed2011review,
  title={A review and perspective on control charting with image data},
  author={Megahed, Fadel M and Woodall, William H and Camelio, Jaime A},
  journal={Journal of Quality Technology},
  volume={43},
  number={2},
  pages={83--98},
  year={2011},
  publisher={Taylor \& Francis}
}